{
  "ticker": "AMZN",
  "currency": "USD",
  "pit": true,
  "quarters": [
    {
      "period_end": "2019-09-30",
      "revenue": "69981000000.0",
      "net_income": "2134000000.0",
      "ocf": "7892000000.0",
      "fcf": "3195000000.0",
      "shares_diluted": "10080000000.0",
      "total_assets": "199099000000.0",
      "total_debt": "59530000000.0",
      "cash": "23255000000.0"
    },
    {
      "period_end": "2019-12-31",
      "revenue": "87436000000.0",
      "net_income": "3268000000.0",
      "ocf": "19659000000.0",
      "fcf": "14347000000.0",
      "shares_diluted": "10100000000.0",
      "total_assets": "225248000000.0",
      "total_debt": "63205000000.0",
      "cash": "36092000000.0"
    },
    {
      "period_end": "2020-03-31",
      "revenue": "75452000000.0",
      "net_income": "2535000000.0",
      "ocf": "3064000000.0",
      "fcf": "-3731000000.0",
      "shares_diluted": "10120000000.0",
      "total_assets": "221238000000.0",
      "total_debt": "63737000000.0",
      "cash": "27201000000.0"
    },
    {
      "period_end": "2020-06-30",
      "revenue": "88912000000.0",
      "net_income": "5243000000.0",
      "ocf": "20606000000.0",
      "fcf": "13147000000.0",
      "shares_diluted": "10180000000.0",
      "total_assets": "258314000000.0",
      "total_debt": "75926000000.0",
      "cash": "37466000000.0"
    },
    {
      "period_end": "2020-09-30",
      "revenue": "96145000000.0",
      "net_income": "6331000000.0",
      "ocf": "11964000000.0",
      "fcf": "901000000.0",
      "shares_diluted": "10240000000.0",
      "total_assets": "282179000000.0",
      "total_debt": "81518000000.0",
      "cash": "29930000000.0"
    },
    {
      "period_end": "2020-12-31",
      "revenue": "125555000000.0",
      "net_income": "7222000000.0",
      "ocf": "30431000000.0",
      "fcf": "15608000000.0",
      "shares_diluted": "10260000000.0",
      "total_assets": "321195000000.0",
      "total_debt": "84389000000.0",
      "cash": "42122000000.0"
    },
    {
      "period_end": "2021-03-31",
      "revenue": "108518000000.0",
      "net_income": "8107000000.0",
      "ocf": "4213000000.0",
      "fcf": "-7869000000.0",
      "shares_diluted": "10260000000.0",
      "total_assets": "323077000000.0",
      "total_debt": "84935000000.0",
      "cash": "33834000000.0"
    },
    {
      "period_end": "2021-06-30",
      "revenue": "113080000000.0",
      "net_income": "7778000000.0",
      "ocf": "12715000000.0",
      "fcf": "-1573000000.0",
      "shares_diluted": "10280000000.0",
      "total_assets": "360319000000.0",
      "total_debt": "106576000000.0",
      "cash": "40380000000.0"
    },
    {
      "period_end": "2021-09-30",
      "revenue": "110812000000.0",
      "net_income": "3156000000.0",
      "ocf": "7313000000.0",
      "fcf": "-8435000000.0",
      "shares_diluted": "10300000000.0",
      "total_assets": "382406000000.0",
      "total_debt": "113903000000.0",
      "cash": "29944000000.0"
    },
    {
      "period_end": "2021-12-31",
      "revenue": "137412000000.0",
      "net_income": "14323000000.0",
      "ocf": "22086000000.0",
      "fcf": "3151000000.0",
      "shares_diluted": "10320000000.0",
      "total_assets": "420549000000.0",
      "total_debt": "116395000000.0",
      "cash": "36220000000.0"
    },
    {
      "period_end": "2022-03-31",
      "revenue": "116444000000.0",
      "net_income": "-3844000000.0",
      "ocf": "-2790000000.0",
      "fcf": "-17741000000.0",
      "shares_diluted": "10180000000.0",
      "total_assets": "410767000000.0",
      "total_debt": "113287000000.0",
      "cash": "36393000000.0"
    },
    {
      "period_end": "2022-06-30",
      "revenue": "121234000000.0",
      "net_income": "-2028000000.0",
      "ocf": "8965000000.0",
      "fcf": "-6759000000.0",
      "shares_diluted": "10175000000.0",
      "total_assets": "419728000000.0",
      "total_debt": "124577000000.0",
      "cash": "37478000000.0"
    },
    {
      "period_end": "2022-09-30",
      "revenue": "127101000000.0",
      "net_income": "2872000000.0",
      "ocf": "11404000000.0",
      "fcf": "-4974000000.0",
      "shares_diluted": "10331000000.0",
      "total_assets": "428362000000.0",
      "total_debt": "128251000000.0",
      "cash": "34947000000.0"
    },
    {
      "period_end": "2022-12-31",
      "revenue": "149204000000.0",
      "net_income": "278000000.0",
      "ocf": "29173000000.0",
      "fcf": "12581000000.0",
      "shares_diluted": "10308000000.0",
      "total_assets": "462675000000.0",
      "total_debt": "140118000000.0",
      "cash": "53888000000.0"
    },
    {
      "period_end": "2023-03-31",
      "revenue": "127358000000.0",
      "net_income": "3172000000.0",
      "ocf": "4788000000.0",
      "fcf": "-9419000000.0",
      "shares_diluted": "10347000000.0",
      "total_assets": "464378000000.0",
      "total_debt": "141351000000.0",
      "cash": "49343000000.0"
    },
    {
      "period_end": "2023-06-30",
      "revenue": "134383000000.0",
      "net_income": "6750000000.0",
      "ocf": "16476000000.0",
      "fcf": "5021000000.0",
      "shares_diluted": "10449000000.0",
      "total_assets": "477607000000.0",
      "total_debt": "138914000000.0",
      "cash": "49529000000.0"
    },
    {
      "period_end": "2023-09-30",
      "revenue": "143083000000.0",
      "net_income": "9879000000.0",
      "ocf": "21217000000.0",
      "fcf": "8738000000.0",
      "shares_diluted": "10558000000.0",
      "total_assets": "486883000000.0",
      "total_debt": "136989000000.0",
      "cash": "49605000000.0"
    },
    {
      "period_end": "2023-12-31",
      "revenue": "169961000000.0",
      "net_income": "10624000000.0",
      "ocf": "42465000000.0",
      "fcf": "27877000000.0",
      "shares_diluted": "10610000000.0",
      "total_assets": "527854000000.0",
      "total_debt": "135611000000.0",
      "cash": "73387000000.0"
    },
    {
      "period_end": "2024-03-31",
      "revenue": "143313000000.0",
      "net_income": "10431000000.0",
      "ocf": "18989000000.0",
      "fcf": "4064000000.0",
      "shares_diluted": "10670000000.0",
      "total_assets": "530969000000.0",
      "total_debt": "134686000000.0",
      "cash": "72852000000.0"
    },
    {
      "period_end": "2024-06-30",
      "revenue": "147977000000.0",
      "net_income": "13485000000.0",
      "ocf": "25281000000.0",
      "fcf": "7661000000.0",
      "shares_diluted": "10708000000.0",
      "total_assets": "554818000000.0",
      "total_debt": "132973000000.0",
      "cash": "71178000000.0"
    },
    {
      "period_end": "2024-09-30",
      "revenue": "158877000000.0",
      "net_income": "15328000000.0",
      "ocf": "25971000000.0",
      "fcf": "3351000000.0",
      "shares_diluted": "10735000000.0",
      "total_assets": "584626000000.0",
      "total_debt": "134692000000.0",
      "cash": "75091000000.0"
    },
    {
      "period_end": "2024-12-31",
      "revenue": "187792000000.0",
      "net_income": "20004000000.0",
      "ocf": "45636000000.0",
      "fcf": "17802000000.0",
      "shares_diluted": "10721000000.0",
      "total_assets": "624894000000.0",
      "total_debt": "130900000000.0",
      "cash": "78779000000.0"
    },
    {
      "period_end": "2025-03-31",
      "revenue": "155667000000.0",
      "net_income": "17127000000.0",
      "ocf": "17015000000.0",
      "fcf": "-8004000000.0",
      "shares_diluted": "10793000000.0",
      "total_assets": "643256000000.0",
      "total_debt": "133245000000.0",
      "cash": "66207000000.0"
    },
    {
      "period_end": "2025-06-30",
      "revenue": "167702000000.0",
      "net_income": "18164000000.0",
      "ocf": "32515000000.0",
      "fcf": "332000000.0",
      "shares_diluted": "10806000000.0",
      "total_assets": "682170000000.0",
      "total_debt": "133939000000.0",
      "cash": "57741000000.0"
    }
  ],
  "provenance": {
    "source": "FMP",
    "fetched_at": "2025-10-05T06:49:12.330170",
    "meta": {
      "endpoint": "financial-statements",
      "period": "quarterly"
    }
  }
}