{
  "ticker": "RIVN",
  "currency": "USD",
  "pit": true,
  "quarters": [
    {
      "period_end": "2023-09-30",
      "revenue": "1337000000.0",
      "net_income": "-1367000000.0",
      "ocf": "-877000000.0",
      "fcf": "-1067000000.0",
      "shares_diluted": "952000000.0",
      "total_assets": "16456000000.0",
      "total_debt": "3413000000.0",
      "cash": "7941000000.0"
    },
    {
      "period_end": "2023-12-31",
      "revenue": "1315000000.0",
      "net_income": "-1521000000.0",
      "ocf": "-1107000000.0",
      "fcf": "-1405000000.0",
      "shares_diluted": "963000000.0",
      "total_assets": "16959000000.0",
      "total_debt": "4919000000.0",
      "cash": "7857000000.0"
    },
    {
      "period_end": "2024-03-31",
      "revenue": "1204000000.0",
      "net_income": "-1446000000.0",
      "ocf": "-1269000000.0",
      "fcf": "-1523000000.0",
      "shares_diluted": "978000000.0",
      "total_assets": "15734000000.0",
      "total_debt": "5142000000.0",
      "cash": "5979000000.0"
    },
    {
      "period_end": "2024-06-30",
      "revenue": "1158000000.0",
      "net_income": "-1457000000.0",
      "ocf": "-754000000.0",
      "fcf": "-1037000000.0",
      "shares_diluted": "1001000000.0",
      "total_assets": "15354000000.0",
      "total_debt": "5877000000.0",
      "cash": "5763000000.0"
    },
    {
      "period_end": "2024-09-30",
      "revenue": "874000000.0",
      "net_income": "-1100000000.0",
      "ocf": "-876000000.0",
      "fcf": "-1153000000.0",
      "shares_diluted": "1014000000.0",
      "total_assets": "14262000000.0",
      "total_debt": "6258000000.0",
      "cash": "5396000000.0"
    },
    {
      "period_end": "2024-12-31",
      "revenue": "1734000000.0",
      "net_income": "-743000000.0",
      "ocf": "1183000000.0",
      "fcf": "856000000.0",
      "shares_diluted": "1058000000.0",
      "total_assets": "15410000000.0",
      "total_debt": "5005000000.0",
      "cash": "5294000000.0"
    },
    {
      "period_end": "2025-03-31",
      "revenue": "1240000000.0",
      "net_income": "-545000000.0",
      "ocf": "-188000000.0",
      "fcf": "-526000000.0",
      "shares_diluted": "1137000000.0",
      "total_assets": "15505000000.0",
      "total_debt": "5999000000.0",
      "cash": "4693000000.0"
    },
    {
      "period_end": "2025-06-30",
      "revenue": "1303000000.0",
      "net_income": "-1117000000.0",
      "ocf": "64000000.0",
      "fcf": "-398000000.0",
      "shares_diluted": "1155000000.0",
      "total_assets": "15597000000.0",
      "total_debt": "6335000000.0",
      "cash": "4812000000.0"
    }
  ],
  "provenance": {
    "source": "FMP",
    "fetched_at": "2025-10-05T07:08:58.271155",
    "meta": {
      "endpoint": "financial-statements",
      "period": "quarterly"
    }
  }
}