{
  "ticker": "AAPL",
  "currency": "USD",
  "pit": true,
  "quarters": [
    {
      "period_end": "2022-09-24",
      "revenue": "90146000000.0",
      "net_income": "20721000000.0",
      "ocf": "24127000000.0",
      "fcf": "20838000000.0",
      "shares_diluted": "16118465000.0",
      "total_assets": "352755000000.0",
      "total_debt": "132480000000.0",
      "cash": "23646000000.0"
    },
    {
      "period_end": "2022-12-31",
      "revenue": "117154000000.0",
      "net_income": "29998000000.0",
      "ocf": "34005000000.0",
      "fcf": "30218000000.0",
      "shares_diluted": "15955718000.0",
      "total_assets": "346747000000.0",
      "total_debt": "111110000000.0",
      "cash": "20535000000.0"
    },
    {
      "period_end": "2023-04-01",
      "revenue": "94836000000.0",
      "net_income": "24160000000.0",
      "ocf": "28560000000.0",
      "fcf": "25644000000.0",
      "shares_diluted": "15847050000.0",
      "total_assets": "332160000000.0",
      "total_debt": "109615000000.0",
      "cash": "24687000000.0"
    },
    {
      "period_end": "2023-07-01",
      "revenue": "81797000000.0",
      "net_income": "19881000000.0",
      "ocf": "26380000000.0",
      "fcf": "24287000000.0",
      "shares_diluted": "15775021000.0",
      "total_assets": "335038000000.0",
      "total_debt": "109280000000.0",
      "cash": "28408000000.0"
    },
    {
      "period_end": "2023-09-30",
      "revenue": "89498000000.0",
      "net_income": "22956000000.0",
      "ocf": "21598000000.0",
      "fcf": "19435000000.0",
      "shares_diluted": "15672400000.0",
      "total_assets": "352583000000.0",
      "total_debt": "123930000000.0",
      "cash": "29965000000.0"
    },
    {
      "period_end": "2023-12-30",
      "revenue": "119575000000.0",
      "net_income": "33916000000.0",
      "ocf": "39895000000.0",
      "fcf": "37503000000.0",
      "shares_diluted": "15576641000.0",
      "total_assets": "353514000000.0",
      "total_debt": "108040000000.0",
      "cash": "40760000000.0"
    },
    {
      "period_end": "2024-03-30",
      "revenue": "90753000000.0",
      "net_income": "23636000000.0",
      "ocf": "22690000000.0",
      "fcf": "20694000000.0",
      "shares_diluted": "15464709000.0",
      "total_assets": "337411000000.0",
      "total_debt": "104590000000.0",
      "cash": "32695000000.0"
    },
    {
      "period_end": "2024-06-29",
      "revenue": "85777000000.0",
      "net_income": "21448000000.0",
      "ocf": "28858000000.0",
      "fcf": "26707000000.0",
      "shares_diluted": "15348175000.0",
      "total_assets": "331612000000.0",
      "total_debt": "101304000000.0",
      "cash": "25565000000.0"
    },
    {
      "period_end": "2024-09-28",
      "revenue": "94930000000.0",
      "net_income": "14736000000.0",
      "ocf": "26811000000.0",
      "fcf": "23903000000.0",
      "shares_diluted": "15242853000.0",
      "total_assets": "364980000000.0",
      "total_debt": "119059000000.0",
      "cash": "29943000000.0"
    },
    {
      "period_end": "2024-12-28",
      "revenue": "124300000000.0",
      "net_income": "36330000000.0",
      "ocf": "29935000000.0",
      "fcf": "26995000000.0",
      "shares_diluted": "15150865000.0",
      "total_assets": "344085000000.0",
      "total_debt": "96799000000.0",
      "cash": "30299000000.0"
    },
    {
      "period_end": "2025-03-29",
      "revenue": "95359000000.0",
      "net_income": "24780000000.0",
      "ocf": "23952000000.0",
      "fcf": "20881000000.0",
      "shares_diluted": "15056133000.0",
      "total_assets": "331233000000.0",
      "total_debt": "98186000000.0",
      "cash": "28162000000.0"
    },
    {
      "period_end": "2025-06-28",
      "revenue": "94036000000.0",
      "net_income": "23434000000.0",
      "ocf": "27867000000.0",
      "fcf": "24405000000.0",
      "shares_diluted": "14948179000.0",
      "total_assets": "331495000000.0",
      "total_debt": "101698000000.0",
      "cash": "30465000000.0"
    }
  ],
  "provenance": {
    "source": "FMP",
    "fetched_at": "2025-10-04T11:44:13.869167",
    "meta": {
      "endpoint": "financial-statements",
      "period": "quarterly"
    }
  }
}