{
  "ticker": "NVDA",
  "currency": "USD",
  "pit": true,
  "quarters": [
    {
      "period_end": "2022-10-30",
      "revenue": "5931000000.0",
      "net_income": "680000000.0",
      "ocf": "392000000.0",
      "fcf": "-138000000.0",
      "shares_diluted": "24990000000.0",
      "total_assets": "40488000000.0",
      "total_debt": "11748000000.0",
      "cash": "2800000000.0"
    },
    {
      "period_end": "2023-01-29",
      "revenue": "6051000000.0",
      "net_income": "1414000000.0",
      "ocf": "2248000000.0",
      "fcf": "1739000000.0",
      "shares_diluted": "24770000000.0",
      "total_assets": "41182000000.0",
      "total_debt": "12031000000.0",
      "cash": "3389000000.0"
    },
    {
      "period_end": "2023-04-30",
      "revenue": "7192000000.0",
      "net_income": "2043000000.0",
      "ocf": "2911000000.0",
      "fcf": "2663000000.0",
      "shares_diluted": "24900000000.0",
      "total_assets": "44460000000.0",
      "total_debt": "12080000000.0",
      "cash": "5079000000.0"
    },
    {
      "period_end": "2023-07-30",
      "revenue": "13507000000.0",
      "net_income": "6188000000.0",
      "ocf": "6348000000.0",
      "fcf": "6059000000.0",
      "shares_diluted": "24990000000.0",
      "total_assets": "49555000000.0",
      "total_debt": "10954000000.0",
      "cash": "5783000000.0"
    },
    {
      "period_end": "2023-10-29",
      "revenue": "18120000000.0",
      "net_income": "9243000000.0",
      "ocf": "7332000000.0",
      "fcf": "7054000000.0",
      "shares_diluted": "24940000000.0",
      "total_assets": "54148000000.0",
      "total_debt": "11027000000.0",
      "cash": "5519000000.0"
    },
    {
      "period_end": "2024-01-28",
      "revenue": "22103000000.0",
      "net_income": "12285000000.0",
      "ocf": "11499000000.0",
      "fcf": "11245000000.0",
      "shares_diluted": "24900000000.0",
      "total_assets": "65728000000.0",
      "total_debt": "11056000000.0",
      "cash": "7280000000.0"
    },
    {
      "period_end": "2024-04-28",
      "revenue": "26044000000.0",
      "net_income": "14881000000.0",
      "ocf": "15345000000.0",
      "fcf": "14976000000.0",
      "shares_diluted": "24890000000.0",
      "total_assets": "77072000000.0",
      "total_debt": "11237000000.0",
      "cash": "7587000000.0"
    },
    {
      "period_end": "2024-07-28",
      "revenue": "30040000000.0",
      "net_income": "16599000000.0",
      "ocf": "14488000000.0",
      "fcf": "13511000000.0",
      "shares_diluted": "24848000000.0",
      "total_assets": "85227000000.0",
      "total_debt": "10015000000.0",
      "cash": "8563000000.0"
    },
    {
      "period_end": "2024-10-27",
      "revenue": "35082000000.0",
      "net_income": "19309000000.0",
      "ocf": "17627000000.0",
      "fcf": "16814000000.0",
      "shares_diluted": "24774000000.0",
      "total_assets": "96013000000.0",
      "total_debt": "10225000000.0",
      "cash": "9107000000.0"
    },
    {
      "period_end": "2025-01-26",
      "revenue": "39331000000.0",
      "net_income": "22091000000.0",
      "ocf": "16629000000.0",
      "fcf": "15552000000.0",
      "shares_diluted": "24706000000.0",
      "total_assets": "111601000000.0",
      "total_debt": "10270000000.0",
      "cash": "8589000000.0"
    },
    {
      "period_end": "2025-04-27",
      "revenue": "44062000000.0",
      "net_income": "18775000000.0",
      "ocf": "27414000000.0",
      "fcf": "26187000000.0",
      "shares_diluted": "24611000000.0",
      "total_assets": "125254000000.0",
      "total_debt": "10285000000.0",
      "cash": "15234000000.0"
    },
    {
      "period_end": "2025-07-27",
      "revenue": "46743000000.0",
      "net_income": "26422000000.0",
      "ocf": "15365000000.0",
      "fcf": "13470000000.0",
      "shares_diluted": "24532000000.0",
      "total_assets": "140740000000.0",
      "total_debt": "10598000000.0",
      "cash": "11639000000.0"
    }
  ],
  "provenance": {
    "source": "FMP",
    "fetched_at": "2025-10-05T07:00:11.663811",
    "meta": {
      "endpoint": "financial-statements",
      "period": "quarterly"
    }
  }
}