{
  "ticker": "META",
  "currency": "USD",
  "pit": true,
  "quarters": [
    {
      "period_end": "2019-09-30",
      "revenue": "17652000000.0",
      "net_income": "6091000000.0",
      "ocf": "9307000000.0",
      "fcf": "5775000000.0",
      "shares_diluted": "2874000000.0",
      "total_assets": "124418000000.0",
      "total_debt": "9132000000.0",
      "cash": "15979000000.0"
    },
    {
      "period_end": "2019-12-31",
      "revenue": "21082000000.0",
      "net_income": "7349000000.0",
      "ocf": "9083000000.0",
      "fcf": "4983000000.0",
      "shares_diluted": "2871000000.0",
      "total_assets": "133376000000.0",
      "total_debt": "10324000000.0",
      "cash": "19079000000.0"
    },
    {
      "period_end": "2020-03-31",
      "revenue": "17737000000.0",
      "net_income": "4902000000.0",
      "ocf": "11001000000.0",
      "fcf": "7443000000.0",
      "shares_diluted": "2868000000.0",
      "total_assets": "138371000000.0",
      "total_debt": "10344000000.0",
      "cash": "23618000000.0"
    },
    {
      "period_end": "2020-06-30",
      "revenue": "18687000000.0",
      "net_income": "5178000000.0",
      "ocf": "3878000000.0",
      "fcf": "623000000.0",
      "shares_diluted": "2879000000.0",
      "total_assets": "139691000000.0",
      "total_debt": "10532000000.0",
      "cash": "21045000000.0"
    },
    {
      "period_end": "2020-09-30",
      "revenue": "21470000000.0",
      "net_income": "7846000000.0",
      "ocf": "9828000000.0",
      "fcf": "6139000000.0",
      "shares_diluted": "2895203000.0",
      "total_assets": "146437000000.0",
      "total_debt": "10616000000.0",
      "cash": "11617000000.0"
    },
    {
      "period_end": "2020-12-31",
      "revenue": "28072000000.0",
      "net_income": "11219000000.0",
      "ocf": "14040000000.0",
      "fcf": "9427000000.0",
      "shares_diluted": "2892924000.0",
      "total_assets": "159316000000.0",
      "total_debt": "10654000000.0",
      "cash": "17576000000.0"
    },
    {
      "period_end": "2021-03-31",
      "revenue": "26171000000.0",
      "net_income": "9497000000.0",
      "ocf": "12242000000.0",
      "fcf": "7970000000.0",
      "shares_diluted": "2882000000.0",
      "total_assets": "163523000000.0",
      "total_debt": "11614000000.0",
      "cash": "19513000000.0"
    },
    {
      "period_end": "2021-06-30",
      "revenue": "29077000000.0",
      "net_income": "10394000000.0",
      "ocf": "13246000000.0",
      "fcf": "8634000000.0",
      "shares_diluted": "2879224000.0",
      "total_assets": "170609000000.0",
      "total_debt": "12007000000.0",
      "cash": "16186000000.0"
    },
    {
      "period_end": "2021-09-30",
      "revenue": "29010000000.0",
      "net_income": "9194000000.0",
      "ocf": "14091000000.0",
      "fcf": "9778000000.0",
      "shares_diluted": "2859000000.0",
      "total_assets": "169585000000.0",
      "total_debt": "12640000000.0",
      "cash": "14496000000.0"
    },
    {
      "period_end": "2021-12-31",
      "revenue": "33671000000.0",
      "net_income": "10285000000.0",
      "ocf": "18104000000.0",
      "fcf": "12734000000.0",
      "shares_diluted": "2799000000.0",
      "total_assets": "165987000000.0",
      "total_debt": "13873000000.0",
      "cash": "16601000000.0"
    },
    {
      "period_end": "2022-03-31",
      "revenue": "27908000000.0",
      "net_income": "7465000000.0",
      "ocf": "14076000000.0",
      "fcf": "8635000000.0",
      "shares_diluted": "2742000000.0",
      "total_assets": "164218000000.0",
      "total_debt": "14053000000.0",
      "cash": "14886000000.0"
    },
    {
      "period_end": "2022-06-30",
      "revenue": "28822000000.0",
      "net_income": "6687000000.0",
      "ocf": "12197000000.0",
      "fcf": "4625000000.0",
      "shares_diluted": "2713000000.0",
      "total_assets": "169779000000.0",
      "total_debt": "16067000000.0",
      "cash": "12681000000.0"
    },
    {
      "period_end": "2022-09-30",
      "revenue": "27714000000.0",
      "net_income": "4395000000.0",
      "ocf": "9691000000.0",
      "fcf": "316000000.0",
      "shares_diluted": "2687000000.0",
      "total_assets": "178894000000.0",
      "total_debt": "25900000000.0",
      "cash": "14308000000.0"
    },
    {
      "period_end": "2022-12-31",
      "revenue": "32165000000.0",
      "net_income": "4653000000.0",
      "ocf": "14511000000.0",
      "fcf": "5468000000.0",
      "shares_diluted": "2640000000.0",
      "total_assets": "185727000000.0",
      "total_debt": "26591000000.0",
      "cash": "14681000000.0"
    },
    {
      "period_end": "2023-03-31",
      "revenue": "28645000000.0",
      "net_income": "5709000000.0",
      "ocf": "13998000000.0",
      "fcf": "7156000000.0",
      "shares_diluted": "2596000000.0",
      "total_assets": "184491000000.0",
      "total_debt": "27575000000.0",
      "cash": "11551000000.0"
    },
    {
      "period_end": "2023-06-30",
      "revenue": "31999000000.0",
      "net_income": "7788000000.0",
      "ocf": "17309000000.0",
      "fcf": "11093000000.0",
      "shares_diluted": "2612000000.0",
      "total_assets": "206688000000.0",
      "total_debt": "36218000000.0",
      "cash": "28785000000.0"
    },
    {
      "period_end": "2023-09-30",
      "revenue": "34146000000.0",
      "net_income": "11583000000.0",
      "ocf": "20402000000.0",
      "fcf": "13859000000.0",
      "shares_diluted": "2641000000.0",
      "total_assets": "216274000000.0",
      "total_debt": "36217000000.0",
      "cash": "36890000000.0"
    },
    {
      "period_end": "2023-12-31",
      "revenue": "40111000000.0",
      "net_income": "14017000000.0",
      "ocf": "19404000000.0",
      "fcf": "11739000000.0",
      "shares_diluted": "2630000000.0",
      "total_assets": "229623000000.0",
      "total_debt": "37234000000.0",
      "cash": "41862000000.0"
    },
    {
      "period_end": "2024-03-31",
      "revenue": "36455000000.0",
      "net_income": "12369000000.0",
      "ocf": "19246000000.0",
      "fcf": "12846000000.0",
      "shares_diluted": "2625000000.0",
      "total_assets": "222844000000.0",
      "total_debt": "37633000000.0",
      "cash": "32307000000.0"
    },
    {
      "period_end": "2024-06-30",
      "revenue": "39071000000.0",
      "net_income": "13465000000.0",
      "ocf": "19370000000.0",
      "fcf": "11197000000.0",
      "shares_diluted": "2610000000.0",
      "total_assets": "230238000000.0",
      "total_debt": "37991000000.0",
      "cash": "32045000000.0"
    },
    {
      "period_end": "2024-09-30",
      "revenue": "40589000000.0",
      "net_income": "15688000000.0",
      "ocf": "24724000000.0",
      "fcf": "16466000000.0",
      "shares_diluted": "2600000000.0",
      "total_assets": "256408000000.0",
      "total_debt": "49047000000.0",
      "cash": "43852000000.0"
    },
    {
      "period_end": "2024-12-31",
      "revenue": "48385000000.0",
      "net_income": "20838000000.0",
      "ocf": "27988000000.0",
      "fcf": "13563000000.0",
      "shares_diluted": "2614000000.0",
      "total_assets": "276054000000.0",
      "total_debt": "49060000000.0",
      "cash": "43889000000.0"
    },
    {
      "period_end": "2025-03-31",
      "revenue": "42314000000.0",
      "net_income": "16644000000.0",
      "ocf": "24026000000.0",
      "fcf": "11085000000.0",
      "shares_diluted": "2590000000.0",
      "total_assets": "280213000000.0",
      "total_debt": "49519000000.0",
      "cash": "28750000000.0"
    },
    {
      "period_end": "2025-06-30",
      "revenue": "47516000000.0",
      "net_income": "18337000000.0",
      "ocf": "25561000000.0",
      "fcf": "9023000000.0",
      "shares_diluted": "2570000000.0",
      "total_assets": "294744000000.0",
      "total_debt": "49560000000.0",
      "cash": "12005000000.0"
    }
  ],
  "provenance": {
    "source": "FMP",
    "fetched_at": "2025-10-05T06:49:14.809790",
    "meta": {
      "endpoint": "financial-statements",
      "period": "quarterly"
    }
  }
}