{
  "ticker": "INTC",
  "currency": "USD",
  "pit": true,
  "quarters": [
    {
      "period_end": "2022-10-01",
      "revenue": "15338000000.0",
      "net_income": "1019000000.0",
      "ocf": "1030000000.0",
      "fcf": "-6269000000.0",
      "shares_diluted": "4125000000.0",
      "total_assets": "174841000000.0",
      "total_debt": "39523000000.0",
      "cash": "4529000000.0"
    },
    {
      "period_end": "2022-12-31",
      "revenue": "14042000000.0",
      "net_income": "-664000000.0",
      "ocf": "7703000000.0",
      "fcf": "2004000000.0",
      "shares_diluted": "4133000000.0",
      "total_assets": "182103000000.0",
      "total_debt": "42051000000.0",
      "cash": "11144000000.0"
    },
    {
      "period_end": "2023-04-01",
      "revenue": "11715000000.0",
      "net_income": "-2758000000.0",
      "ocf": "-1785000000.0",
      "fcf": "-9198000000.0",
      "shares_diluted": "4154000000.0",
      "total_assets": "185303000000.0",
      "total_debt": "50273000000.0",
      "cash": "8232000000.0"
    },
    {
      "period_end": "2023-07-01",
      "revenue": "12949000000.0",
      "net_income": "1481000000.0",
      "ocf": "2808000000.0",
      "fcf": "-3080000000.0",
      "shares_diluted": "4196000000.0",
      "total_assets": "185629000000.0",
      "total_debt": "49046000000.0",
      "cash": "8349000000.0"
    },
    {
      "period_end": "2023-09-30",
      "revenue": "14158000000.0",
      "net_income": "297000000.0",
      "ocf": "5824000000.0",
      "fcf": "71000000.0",
      "shares_diluted": "4229000000.0",
      "total_assets": "188837000000.0",
      "total_debt": "48879000000.0",
      "cash": "7621000000.0"
    },
    {
      "period_end": "2023-12-30",
      "revenue": "15406000000.0",
      "net_income": "2669000000.0",
      "ocf": "4624000000.0",
      "fcf": "-2072000000.0",
      "shares_diluted": "4260000000.0",
      "total_assets": "191572000000.0",
      "total_debt": "49278000000.0",
      "cash": "7079000000.0"
    },
    {
      "period_end": "2024-03-31",
      "revenue": "12724000000.0",
      "net_income": "-381000000.0",
      "ocf": "-1223000000.0",
      "fcf": "-7193000000.0",
      "shares_diluted": "4242000000.0",
      "total_assets": "192733000000.0",
      "total_debt": "52450000000.0",
      "cash": "6923000000.0"
    },
    {
      "period_end": "2024-06-29",
      "revenue": "12833000000.0",
      "net_income": "-1610000000.0",
      "ocf": "2292000000.0",
      "fcf": "-3390000000.0",
      "shares_diluted": "4267000000.0",
      "total_assets": "206205000000.0",
      "total_debt": "53029000000.0",
      "cash": "11287000000.0"
    },
    {
      "period_end": "2024-09-28",
      "revenue": "13284000000.0",
      "net_income": "-16639000000.0",
      "ocf": "4054000000.0",
      "fcf": "-2404000000.0",
      "shares_diluted": "4292000000.0",
      "total_assets": "193542000000.0",
      "total_debt": "50236000000.0",
      "cash": "8785000000.0"
    },
    {
      "period_end": "2024-12-28",
      "revenue": "14260000000.0",
      "net_income": "-126000000.0",
      "ocf": "3165000000.0",
      "fcf": "-2669000000.0",
      "shares_diluted": "4319000000.0",
      "total_assets": "196485000000.0",
      "total_debt": "50011000000.0",
      "cash": "8249000000.0"
    },
    {
      "period_end": "2025-03-29",
      "revenue": "12667000000.0",
      "net_income": "-821000000.0",
      "ocf": "813000000.0",
      "fcf": "-4370000000.0",
      "shares_diluted": "4343000000.0",
      "total_assets": "192242000000.0",
      "total_debt": "50151000000.0",
      "cash": "8947000000.0"
    },
    {
      "period_end": "2025-06-28",
      "revenue": "12859000000.0",
      "net_income": "-2918000000.0",
      "ocf": "2050000000.0",
      "fcf": "-1500000000.0",
      "shares_diluted": "4369000000.0",
      "total_assets": "192520000000.0",
      "total_debt": "50757000000.0",
      "cash": "9643000000.0"
    }
  ],
  "provenance": {
    "source": "FMP",
    "fetched_at": "2025-10-05T07:00:18.594300",
    "meta": {
      "endpoint": "financial-statements",
      "period": "quarterly"
    }
  }
}