{
  "ticker": "TSLA",
  "currency": "USD",
  "pit": true,
  "quarters": [
    {
      "period_end": "2023-03-31",
      "revenue": "23329000000.0",
      "net_income": "2513000000.0",
      "ocf": "2513000000.0",
      "fcf": "440000000.0",
      "shares_diluted": "3468000000.0",
      "total_assets": "86833000000.0",
      "total_debt": "5574000000.0",
      "cash": "16048000000.0"
    },
    {
      "period_end": "2023-06-30",
      "revenue": "24927000000.0",
      "net_income": "2703000000.0",
      "ocf": "3065000000.0",
      "fcf": "1005000000.0",
      "shares_diluted": "3478000000.0",
      "total_assets": "90591000000.0",
      "total_debt": "5811000000.0",
      "cash": "15296000000.0"
    },
    {
      "period_end": "2023-09-30",
      "revenue": "23350000000.0",
      "net_income": "1853000000.0",
      "ocf": "3308000000.0",
      "fcf": "849000000.0",
      "shares_diluted": "3493000000.0",
      "total_assets": "93941000000.0",
      "total_debt": "8187000000.0",
      "cash": "15932000000.0"
    },
    {
      "period_end": "2023-12-31",
      "revenue": "25167000000.0",
      "net_income": "7930000000.0",
      "ocf": "4370000000.0",
      "fcf": "2063000000.0",
      "shares_diluted": "3492000000.0",
      "total_assets": "106618000000.0",
      "total_debt": "9573000000.0",
      "cash": "16398000000.0"
    },
    {
      "period_end": "2024-03-31",
      "revenue": "21301000000.0",
      "net_income": "1390000000.0",
      "ocf": "242000000.0",
      "fcf": "-2535000000.0",
      "shares_diluted": "3484000000.0",
      "total_assets": "109226000000.0",
      "total_debt": "9911000000.0",
      "cash": "11805000000.0"
    },
    {
      "period_end": "2024-06-30",
      "revenue": "25500000000.0",
      "net_income": "1400000000.0",
      "ocf": "3612000000.0",
      "fcf": "1340000000.0",
      "shares_diluted": "3481000000.0",
      "total_assets": "112832000000.0",
      "total_debt": "12515000000.0",
      "cash": "14635000000.0"
    },
    {
      "period_end": "2024-09-30",
      "revenue": "25182000000.0",
      "net_income": "2167000000.0",
      "ocf": "6255000000.0",
      "fcf": "2742000000.0",
      "shares_diluted": "3497000000.0",
      "total_assets": "119852000000.0",
      "total_debt": "12783000000.0",
      "cash": "18111000000.0"
    },
    {
      "period_end": "2024-12-31",
      "revenue": "25707000000.0",
      "net_income": "2356000000.0",
      "ocf": "4814000000.0",
      "fcf": "2034000000.0",
      "shares_diluted": "3517000000.0",
      "total_assets": "122070000000.0",
      "total_debt": "13623000000.0",
      "cash": "16139000000.0"
    },
    {
      "period_end": "2025-03-31",
      "revenue": "19335000000.0",
      "net_income": "409000000.0",
      "ocf": "2156000000.0",
      "fcf": "664000000.0",
      "shares_diluted": "3521000000.0",
      "total_assets": "125111000000.0",
      "total_debt": "13128000000.0",
      "cash": "16352000000.0"
    },
    {
      "period_end": "2025-06-30",
      "revenue": "22496000000.0",
      "net_income": "1172000000.0",
      "ocf": "2540000000.0",
      "fcf": "146000000.0",
      "shares_diluted": "3519000000.0",
      "total_assets": "128567000000.0",
      "total_debt": "13134000000.0",
      "cash": "15587000000.0"
    }
  ],
  "provenance": {
    "source": "FMP",
    "fetched_at": "2025-10-04T09:53:21.792466",
    "meta": {
      "endpoint": "financial-statements",
      "period": "quarterly"
    }
  }
}