{
  "ticker": "AMD",
  "currency": "USD",
  "pit": true,
  "quarters": [
    {
      "period_end": "2022-09-24",
      "revenue": "5565000000.0",
      "net_income": "66000000.0",
      "ocf": "965000000.0",
      "fcf": "842000000.0",
      "shares_diluted": "1625000000.0",
      "total_assets": "67811000000.0",
      "total_debt": "2890000000.0",
      "cash": "3398000000.0"
    },
    {
      "period_end": "2022-12-31",
      "revenue": "5599000000.0",
      "net_income": "21000000.0",
      "ocf": "567000000.0",
      "fcf": "443000000.0",
      "shares_diluted": "1618000000.0",
      "total_assets": "67580000000.0",
      "total_debt": "2956000000.0",
      "cash": "4676000000.0"
    },
    {
      "period_end": "2023-04-01",
      "revenue": "5353000000.0",
      "net_income": "-139000000.0",
      "ocf": "486000000.0",
      "fcf": "328000000.0",
      "shares_diluted": "1611000000.0",
      "total_assets": "67634000000.0",
      "total_debt": "2848000000.0",
      "cash": "3760000000.0"
    },
    {
      "period_end": "2023-07-01",
      "revenue": "5359000000.0",
      "net_income": "27000000.0",
      "ocf": "379000000.0",
      "fcf": "254000000.0",
      "shares_diluted": "1627000000.0",
      "total_assets": "67967000000.0",
      "total_debt": "2860000000.0",
      "cash": "3712000000.0"
    },
    {
      "period_end": "2023-09-30",
      "revenue": "5800000000.0",
      "net_income": "299000000.0",
      "ocf": "421000000.0",
      "fcf": "297000000.0",
      "shares_diluted": "1629000000.0",
      "total_assets": "67626000000.0",
      "total_debt": "2862000000.0",
      "cash": "3349000000.0"
    },
    {
      "period_end": "2023-12-30",
      "revenue": "6168000000.0",
      "net_income": "667000000.0",
      "ocf": "381000000.0",
      "fcf": "242000000.0",
      "shares_diluted": "1628000000.0",
      "total_assets": "67885000000.0",
      "total_debt": "3003000000.0",
      "cash": "3728000000.0"
    },
    {
      "period_end": "2024-03-30",
      "revenue": "5473000000.0",
      "net_income": "123000000.0",
      "ocf": "521000000.0",
      "fcf": "379000000.0",
      "shares_diluted": "1639000000.0",
      "total_assets": "67895000000.0",
      "total_debt": "2998000000.0",
      "cash": "4024000000.0"
    },
    {
      "period_end": "2024-06-29",
      "revenue": "5835000000.0",
      "net_income": "265000000.0",
      "ocf": "593000000.0",
      "fcf": "439000000.0",
      "shares_diluted": "1637000000.0",
      "total_assets": "67886000000.0",
      "total_debt": "2245000000.0",
      "cash": "3962000000.0"
    },
    {
      "period_end": "2024-09-28",
      "revenue": "6819000000.0",
      "net_income": "771000000.0",
      "ocf": "628000000.0",
      "fcf": "496000000.0",
      "shares_diluted": "1636000000.0",
      "total_assets": "69636000000.0",
      "total_debt": "2238000000.0",
      "cash": "3765000000.0"
    },
    {
      "period_end": "2024-12-28",
      "revenue": "7658000000.0",
      "net_income": "482000000.0",
      "ocf": "1299000000.0",
      "fcf": "1091000000.0",
      "shares_diluted": "1634000000.0",
      "total_assets": "69226000000.0",
      "total_debt": "2321000000.0",
      "cash": "3680000000.0"
    },
    {
      "period_end": "2025-03-29",
      "revenue": "7438000000.0",
      "net_income": "709000000.0",
      "ocf": "939000000.0",
      "fcf": "727000000.0",
      "shares_diluted": "1626000000.0",
      "total_assets": "71550000000.0",
      "total_debt": "4731000000.0",
      "cash": "5968000000.0"
    },
    {
      "period_end": "2025-06-28",
      "revenue": "7685000000.0",
      "net_income": "872000000.0",
      "ocf": "2011000000.0",
      "fcf": "1729000000.0",
      "shares_diluted": "1630000000.0",
      "total_assets": "74820000000.0",
      "total_debt": "3886000000.0",
      "cash": "4442000000.0"
    }
  ],
  "provenance": {
    "source": "FMP",
    "fetched_at": "2025-10-05T07:00:15.451269",
    "meta": {
      "endpoint": "financial-statements",
      "period": "quarterly"
    }
  }
}